% Encoding: UTF-8

@Book{Bringhurst12,
  title     = {The Elements of Typographic Style},
  publisher = {Hartley \& Marks Publishers},
  year      = {2012},
  author    = {Robert Bringhurst},
  address   = {Vancouver, British Columbia, Canada},
  edition   = {4},
}

@Book{Tufte01,
  title     = {The visual display of quantitative information},
  publisher = {Graphics Press},
  year      = {2001},
  author    = {Edward R. Tufte},
  address   = {Chesh\-ire, CT, USA},
  edition   = {2},
}

@Book{Tufte90,
  title     = {Envisioning information},
  publisher = {Graphics Press},
  year      = {1990},
  author    = {Tufte, Edward R.},
  address   = {Chesh\-ire, CT, USA},
}

@online{Rzepinski2019Fork, 
	author = {Paweł Rzepiński}, 
	title = {The template fork repository},
	year = {2019}, 
	url = {https://github.com/rzepinskip/latex-mimosis},
	urldate = {2019-01-12}
}

@Comment{jabref-meta: databaseType:bibtex;}
